<?xml version="1.0" encoding="UTF-8"?><collection xmlns="http://www.loc.gov/MARC21/slim"><record><leader>00808nam--2200193-i-4500</leader><controlfield tag="001">000011045</controlfield><controlfield tag="002">20161230</controlfield><controlfield tag="005">20161230201029</controlfield><controlfield tag="008">060222s1000------------r-----000-0-eng-d</controlfield><datafield ind1=" " ind2=" " tag="020"><subfield code="a">0720402344</subfield></datafield><datafield ind1=" " ind2=" " tag="040"><subfield code="a">IFIN-HH</subfield></datafield><datafield ind1=" " ind2=" " tag="080"><subfield code="a">539.172(061.3)</subfield></datafield><datafield ind1="1" ind2=" " tag="100"><subfield code="a">Branscomb, L.M./S.A.</subfield></datafield><datafield ind1="1" ind2="0" tag="245"><subfield code="a">Electronic and atomic collisions vii icpeac amsterdam, the netherlands 26-30 july, 1971</subfield><subfield code="b">Abstracts of papers of the viith international conference on the physics of electronic and atomic collisions</subfield><subfield code="c">L.m. branscomb, h. ehrhardt, r.geballe, f.j. de heer, n.v. fedorenko, j. kistemaker, b. barat, e.e. nikitin, a.c.h. smith (eds.)</subfield></datafield><datafield ind1=" " ind2=" " tag="260"><subfield code="a">Amsterdam</subfield><subfield code="b">North-holland Publishing Company</subfield><subfield code="c">1971</subfield></datafield><datafield ind1=" " ind2=" " tag="300"><subfield code="a">2 VOLUME</subfield></datafield><datafield ind1="1" ind2=" " tag="787"><subfield code="a">Vol. 2</subfield><subfield code="h">/629p./1185p</subfield></datafield><datafield ind1=" " ind2=" " tag="852"><subfield code="a">41273</subfield><subfield code="c">539.17</subfield></datafield><datafield ind1=" " ind2=" " tag="CAT"><subfield code="a">Sys</subfield><subfield code="c">20120613</subfield><subfield code="h">094638</subfield></datafield></record></collection>